@report{arquitetura-modelagem-estudante-IFSULDEMINAS,
title = {Arquitetura para Modelagem de Estudantes com Recursos de Interação por meio de Chatbots},
author = {Tiago Silveira Cherchiglia, Vinícius Alves Silva e Hiran Nonato M. Ferreira},
institution = {Instituto Federal de Educação, Ciência e Tecnologia do Sul de Minas Gerais (IFSULDEMINAS)},
location = {Passos/MG, Brasil}
}

@book{minsky,
author = {Marvin Minsky},
title = {Semantic Information Processing},
publisher = {Mass: the MIT Press},
year = {1968}
}

@article{dahiya,
author = {M. Dahiya},
title = {A Tool of Conversation: Chatbot},
journaltitle = {JCSE International Journal of Computer Sciences and Engineering},
year = {2017},
OPTvolume = {5},
OPTissue = {5}
}

@article{weizenbaum-eliza,
author = {Weizenbaum, Joseph},
title = {ELIZA—a Computer Program for the Study of Natural Language Communication between Man and Machine},
year = {1966},
issue_date = {Jan. 1966},
publisher = {Association for Computing Machinery},
address = {New York, NY, USA},
volume = {9},
number = {1},
issn = {0001-0782},
url = {https://doi.org/10.1145/365153.365168},
doi = {10.1145/365153.365168},
journal = {Commun. ACM},
month = jan,
pages = {36–45},
numpages = {10}
}

@inproceedings{LukaBradesko,
author = {Bradeško, Luka and Mladenić, Dunja},
year = {2012},
month = {01},
pages = {34},
title = {A Survey of Chatbot Systems through a Loebner Prize Competition},
volume = {C}
}

@article{Turing,
    author = {TURING, A. M.},
    title = "{I.—COMPUTING MACHINERY AND INTELLIGENCE}",
    journal = {Mind},
    volume = {LIX},
    number = {236},
    pages = {433-460},
    year = {1950},
    month = {10},
    issn = {0026-4423},
    doi = {10.1093/mind/LIX.236.433},
    url = {https://doi.org/10.1093/mind/LIX.236.433},
    eprint = {https://academic.oup.com/mind/article-pdf/LIX/236/433/30123314/lix-236-433.pdf},
}

@article{Abdul-Kader2015,
title = {Survey on Chatbot Design Techniques in Speech Conversation Systems},
journal = {International Journal of Advanced Computer Science and Applications},
doi = {10.14569/IJACSA.2015.060712},
url = {http://dx.doi.org/10.14569/IJACSA.2015.060712},
year = {2015},
publisher = {The Science and Information Organization},
volume = {6},
number = {7},
author = {Sameera A. Abdul-Kader and Dr. John Woods}
}

@article{wired-for-speech,
author = {Callaway, Charles and Sima'an, Khalil},
year = {2006},
month = {09},
pages = {451-452},
title = {Wired for Speech: How Voice Activates and Advances the Human-Computer Relationship},
volume = {32},
journal = {Computational Linguistics},
doi = {10.1162/coli.2006.32.3.451}
}

@book{wired-for-speech-2,
author = {Nass, Clifford and Brave, Scott},
title = {Wired for Speech: How Voice Activates and Advances the Human-Computer Relationship},
year = {2007},
isbn = {0262640651},
publisher = {The MIT Press}
}

@article{spoken-language-understan.,
author = {Tur, Gokhan and De Mori, Renato},
year = {2011},
month = {03},
pages = {},
title = {Spoken Language Understanding: Systems for Extracting Semantic Information from Speech},
isbn = {9780470688243},
journal = {Spoken Language Understanding: Systems for Extracting Semantic Information from Speech},
doi = {10.1002/9781119992691}
}

@book{conversational-interface,
author = {Mctear, Michael and Callejas, Zoraida and Griol, David},
year = {2016},
month = {01},
pages = {},
title = {The Conversational Interface},
isbn = {978-3-319-32965-9},
doi = {10.1007/978-3-319-32967-3}
}

@INPROCEEDINGS{da-recognition,
  author={Kral, Pavel and Pavelka, Tomas and Cerisara, Christophe},
  booktitle={2008 IEEE Workshop on Machine Learning for Signal Processing}, 
  title={Evaluation of dialogue act recognition approaches}, 
  year={2008},
  volume={},
  number={},
  pages={492-497},
  doi={10.1109/MLSP.2008.4685529}}
  
  @unpublished{damsl,
  added-at = {2008-03-17T11:27:54.000+0100},
  author = {Allen, James and Core, Mark},
  biburl = {https://www.bibsonomy.org/bibtex/2784663aded449620b32eae655b4c3d07/nlp},
  interhash = {b56af81045d0da2a1384fa8b75c797db},
  intrahash = {784663aded449620b32eae655b4c3d07},
  keywords = {2000 book nlp},
  note = {Unpublished manuscript},
  timestamp = {2008-03-17T11:32:42.000+0100},
  title = {Draft of {DAMSL}: Dialog Act Markup in Several Layers},
  year = 1997
}

@techreport{dasml-switchboard,
  added-at = {2009-11-25T18:41:14.000+0100},
  author = {Jurafsky, D. and Shriberg, E. and Biasca, D.},
  biburl = {https://www.bibsonomy.org/bibtex/25d7488032179f3d1c2946689123091a8/sonntag},
  description = {Daniel Sonntag all references},
  institution = {University of Colorado, Institute of Cognitive Science},
  interhash = {cccd61f67e2f6dac4f591898931dabfd},
  intrahash = {5d7488032179f3d1c2946689123091a8},
  key = {Technical Report 97-01},
  keywords = {QABook imported},
  number = {Draft 13},
  owner = {sonntag},
  timestamp = {2009-12-21T17:12:05.000+0100},
  title = {{Switchboard SWBD-DAMSL shallow-discourse-function annotation coders
	manual}},
  year = 1997
}

@inproceedings{shriberg-etal-2004-icsi,
    title = "The {ICSI} Meeting Recorder Dialog Act ({MRDA}) Corpus",
    author = "Shriberg, Elizabeth  and
      Dhillon, Raj  and
      Bhagat, Sonali  and
      Ang, Jeremy  and
      Carvey, Hannah",
    booktitle = "Proceedings of the 5th {SIG}dial Workshop on Discourse and Dialogue at {HLT}-{NAACL} 2004",
    month = apr # " 30 - " # may # " 1",
    year = "2004",
    address = "Cambridge, Massachusetts, USA",
    publisher = "Association for Computational Linguistics",
    url = "https://www.aclweb.org/anthology/W04-2319",
    pages = "97--100",
}

@article{map-task,
author = {Carletta, Jean and Isard, Stephen and Doherty-Sneddon, Gwyneth and Isard, Amy and Kowtko, Jacqueline C. and Anderson, Anne H.},
title = {The Reliability of a Dialogue Structure Coding Scheme},
year = {1997},
issue_date = {March 1997},
publisher = {MIT Press},
address = {Cambridge, MA, USA},
volume = {23},
number = {1},
issn = {0891-2017},
journal = {Comput. Linguist.},
month = mar,
pages = {13–31},
numpages = {19}
}

@inbook{response-generator,
author = {Wallace, Richard},
year = {2009},
month = {01},
pages = {181-210},
title = {The anatomy of A.L.I.C.E},
isbn = {978-1-4020-9624-2},
journal = {Parsing the Turing Test},
doi = {10.1007/978-1-4020-6710-5_13}
}
@inproceedings{yan-etal-2016-docchat,
    title = "{D}oc{C}hat: An Information Retrieval Approach for Chatbot Engines Using Unstructured Documents",
    author = "Yan, Zhao  and
      Duan, Nan  and
      Bao, Junwei  and
      Chen, Peng  and
      Zhou, Ming  and
      Li, Zhoujun  and
      Zhou, Jianshe",
    booktitle = "Proceedings of the 54th Annual Meeting of the Association for Computational Linguistics (Volume 1: Long Papers)",
    month = aug,
    year = "2016",
    address = "Berlin, Germany",
    publisher = "Association for Computational Linguistics",
    url = "https://www.aclweb.org/anthology/P16-1049",
    doi = "10.18653/v1/P16-1049",
    pages = "516--525",
}

@inproceedings{oline-foruns-database,
author = {Huang, Jizhou and Zhou, Ming and Yang, Dan},
year = {2007},
month = {01},
pages = {423-428},
title = {Extracting Chatbot Knowledge from Online Discussion Forums.},
journal = {Proc. of IJCAI}
}

@inproceedings{AIML,
  title={Interactive Chatbot Using AIML},
  author={Madhumitha. S,
  Keerthana. B, 
  Mrs.Hemalatha. B},
  year={2019}
}

@inproceedings{dialogue-manag.,
author = {Yu, Zhou and Rudnicky, Alexander and Black, Alan},
year = {2017},
month = {08},
pages = {4214-4220},
title = {Learning Conversational Systems that Interleave Task and Non-Task Content},
doi = {10.24963/ijcai.2017/589}
}